@book{Franklin2013,
   author    = "A. Franklin",
   title     = "Shifting Standards: Experiments in Particle Physics in the Twentieth Century",
   chapter   = "Prologue",
   pages     = "XXXVII",
   publisher = "University of Pittsburgh Press",
   year      = "2013",
   address   = "Pittsburgh",
   note      = {\url{https://doi.org/10.2307/j.ctv80c9p7}}
}

@inbook{deVaucouleurs1986,
   author    = "G. de Vaucouleurs",
   editor    = "B. F. Madore and R. B. Tully",
   title     = "New Results on the Distance Scale and the {H}ubble Constant",
   booktitle = "Galaxy Distances and Deviations from Universal Expansion",
   year      = "1986",
   publisher = "Reidel",
   address   = "Dordrecht",
   pages     = "1--6",
   note      = {\url{https://doi.org/10.1007/978-94-009-4702-3_1}}

}

@article{Sandage1975,
   author    = "A. Sandage and G. A. Tammann",
   title     = "{Steps toward the Hubble constant. V. The Hubble constant from nearby galaxies and the regularity of the local velocity field.}",
   journal   = {\apj},
   year      = "1975",
   month     = "March",
   volume    = "196",
   pages     = "313--328",
   note      = {\url{https://doi.org/10.1086/153413}}
}

@article{Planck2020,
   author    = {Aghanim, N. and Akrami, Y. and Ashdown, M. and Aumont, J. and Baccigalupi, C. and Ballardini, M. and Banday, A. J. and Barreiro, R. B. and Bartolo, N. and et al.},
   title     = "Planck 2018 results",
   journal   = {Astronomy and Astrophysics},
   volume    = "641",
   year      = "2020",
   month     = "September",
   pages     = "A6",
   note      = {\url{https://doi.org/10.1051/0004-6361/201833910}}
}

@article{Abbott2018,
   author    = {Abbott, T M C and Abdalla, F B and Annis, J and Bechtol, K and Blazek, J and Benson, B A and Bernstein, R A and Bernstein, G M and Bertin, E and Brooks, D and et al.},
   title     = "Dark Energy Survey Year 1 Results: A Precise {H0} Estimate from {DES} {Y1}, {BAO}, and {D/H} Data",
   volume    = {480},
   number    = {3},
   journal   = {Monthly Notices of the Royal Astronomical Society},
   publisher = "Oxford University Press (OUP)",
   year      = "2018",
   month     = "July",
   pages     = "3879--3888",
   note      = {\url{https://doi.org/10.1093/mnras/sty1939}}
}

@article{Freedman2020,
   author    = {Freedman, Wendy L. and Madore, Barry F. and Hoyt, Taylor and Jang, In Sung and Beaton, Rachael and Lee, Myung Gyoon and Monson, Andrew and Neeley, Jill and Rich, Jeffrey},
   title     = {Calibration of the Tip of the Red Giant Branch},
   volume    = {891},
   ISSN      = {1538-4357},
   number    = {1},
   journal   = {\apj},
   publisher = {American Astronomical Society},
   year      = {2020},
   month     = {Mar},
   pages     = {57},
   note       = {\url{https://doi.org/10.3847/1538-4357/ab7339}}
}

@article{Riess2019,
   author    = {Riess, Adam G. and Casertano, Stefano and Yuan, Wenlong and Macri, Lucas M. and Scolnic, Dan},
   title     = {Large Magellanic Cloud Cepheid Standards Provide a 1% Foundation for the Determination of the {Hubble} Constant and Stronger Evidence for Physics beyond {$\Lambda$CDM}},
   volume    = {876},
   number    = {1},
   journal   = {\apj},
   publisher = {American Astronomical Society},
   year      = {2019},
   month     = {May},
   pages     = {85},
   note      = {\url{https://doi.org/10.3847/1538-4357/ab1422}}
}

@article{Wong2019,
    author   = {Wong, Kenneth C and Suyu, Sherry H and Chen, Geoff C-F and Rusu, Cristian E and Millon, Martin and et al.},
    title    = "{H0LiCOW – XIII. A 2.4 per cent measurement of H0 from lensed quasars: 5.3$\sigma$ tension between early- and late-universe probes}",
    journal  = {Monthly Notices of the Royal Astronomical Society},
    volume   = {498},
    number   = {1},
    pages    = {1420-1439},
    year     = {2019},
    month    = {09},
    note     = {\url{https://doi.org/10.1093/mnras/stz3094}}
}

@article{Heymans2021,
   author    = {Heymans, Catherine and Tröster, Tilman and Asgari, Marika and Blake, Chris and Hildebrandt, Hendrik and Joachimi, Benjamin and Kuijken, Konrad and Lin, Chieh-An and Sánchez, Ariel G. and van den Busch, Jan Luca and et al.},
   title     = {KiDS-1000 Cosmology: Multi-probe weak gravitational lensing and spectroscopic galaxy clustering constraints},
   volume    = {646},
   ISSN      = {1432-0746},
   DOI       = {10.1051/0004-6361/202039063},
   journal   = {Astronomy and Astrophysics},
   publisher = {EDP Sciences},
   year      = {2021},
   month     = {Feb},
   pages     = {A140},
   note      = {\url{https://.doi.org/10.1051/0004-6361/202039063}}
}

@article{Handley2021Closed,
   author    = {Handley, Will},
   title     = {Curvature tension: Evidence for a closed universe},
   volume    = {103},
   ISSN      = {2470-0029},
   DOI       = {10.1103/physrevd.103.l041301},
   number    = {4},
   journal   = {Physical Review D},
   publisher = {American Physical Society (APS)},
   year      = {2021},
   month     = {Feb},
   note      = {\url{https://doi.org/10.1103/PhysRevD.103.L041301}}
}

@article{Handley2019,
   title     = {Quantifying tensions in cosmological parameters: Interpreting the {DES} evidence ratio},
   volume    = {100},
   ISSN      = {2470-0029},
   url       = {http://dx.doi.org/10.1103/PhysRevD.100.043504},
   DOI       = {10.1103/physrevd.100.043504},
   number    = {4},
   journal   = {Physical Review D},
   publisher = {American Physical Society (APS)},
   author    = {Handley, Will and Lemos, Pablo},
   year      = {2019},
   month     = {Aug}
}

@article{Charnock2017,
  title      = {Planck data versus large scale structure: Methods to quantify discordance},
  author     = {Charnock, Tom and Battye, Richard A. and Moss, Adam},
  journal    = {Phys. Rev. D},
  volume     = {95},
  issue      = {12},
  pages      = {123535},
  numpages   = {19},
  year       = {2017},
  month      = {Jun},
  publisher  = {American Physical Society},
  note       = {\url{https://link.aps.org/doi/10.1103/PhysRevD.95.123535}}
}

@article{Marshall2006,
  title      = {Bayesian evidence as a tool for comparing datasets},
  author     = {Marshall, Phil and Rajguru, Nutan and Slosar, An\ifmmode \check{z}\else \v{z}\fi{}e},
  journal    = {Phys. Rev. D},
  volume     = {73},
  issue      = {6},
  pages      = {067302},
  numpages   = {4},
  year       = {2006},
  month      = {Mar},
  publisher  = {American Physical Society},
  doi        = {10.1103/PhysRevD.73.067302},
  url        = {https://link.aps.org/doi/10.1103/PhysRevD.73.067302}
}
